@incollection{norling2000enhancing,
  title={Enhancing multi-agent based simulation with human-like decision making strategies},
  author={Norling, Emma and Sonenberg, Liz and R{\"o}nnquist, Ralph},
  booktitle={Multi-Agent-Based Simulation},
  pages={214--228},
  year={2000},
  publisher={Springer},   
  address={Berlin, Heidelberg}
}

@incollection{davidsson2000multi,
  title={Multi agent based simulation: beyond social simulation},
  author={Davidsson, Paul},
  booktitle={Multi-Agent-Based Simulation},
  pages={97--107},
  year={2000},
  publisher={Springer},
  address={Berlin, Heidelberg}
}

@incollection{wickenberg2002multi,
  title={On multi agent based simulation of software development processes},
  author={Wickenberg, Tham and Davidsson, Paul},
  booktitle={Multi-Agent-Based Simulation II},
  pages={171--180},
  year={2002},
  publisher={Springer},   
  address={Berlin, Heidelberg}
}

@inproceedings{parunak1998agent,
  title={Agent-based modeling vs. equation-based modeling: A case study and users’ guide},
  author={Parunak, H Van Dyke and Savit, Robert and Riolo, Rick L},
  booktitle={Multi-agent systems and agent-based simulation},
  pages={10--25},
  year={1998},
  organization={Springer}
}

@article{moss2001agent,
  title={Agent-based integrated assessment modelling: the example of climate change},
  author={Moss, Scott and Pahl-Wostl, Claudia and Downing, Thomas},
  journal={Integrated Assessment},
  volume={2},
  number={1},
  pages={17--30},
  year={2001},
  publisher={Springer},   
  address={Berlin, Heidelberg}
}

@inproceedings{garcia2010human,
  title={Human Behaviours Simulation in Ubiquitous Computing Environments.},
  author={Garcia-Valverde, Teresa and Campuzano, Francisco and Serrano, Emilio and Botia, Juan A},
  booktitle={MALLOW},
  year={2010},
  organization={Citeseer}
}

@article{friedewald2005perspectives,
  title={Perspectives of ambient intelligence in the home environment},
  author={Friedewald, Michael and Da Costa, Olivier and Punie, Yves and Alahuhta, Petteri and Heinonen, Sirkka},
  journal={Telematics and informatics},
  volume={22},
  number={3},
  pages={221--238},
  year={2005},
  publisher={Elsevier}
}

@inproceedings{de2004ambient,
  title={Ambient intelligence: visualizing the future},
  author={De Ruyter, Boris and Aarts, Emile},
  booktitle={Proceedings of the working conference on Advanced visual interfaces},
  pages={203--208},
  year={2004},
  organization={ACM}
}

@article{serrano2009ubik,
  title={Ubik: a multi-agent based simulator for ubiquitous computing applications},
  author={Serrano, Emilio and Botia, Juan A and Cadenas, Jose M},
  journal={Journal of Physical Agents},
  volume={3},
  number={2},
  pages={39--43},
  year={2009}
}

@book{gilbert2005simulation,
  title={Simulation for the social scientist},
  author={Gilbert, Nigel and Troitzsch, Klaus},
  year={2005},
  publisher={McGraw-Hill Education (UK)}
}

@article{dalpiaz2013adaptive,
  title={Adaptive socio-technical systems: a requirements-based approach},
  author={Dalpiaz, Fabiano and Giorgini, Paolo and Mylopoulos, John},
  journal={Requirements engineering},
  volume={18},
  number={1},
  pages={1--24},
  year={2013},
  publisher={Springer},   
  address={Berlin, Heidelberg}
}

@article{atzori2010internet,
  title={The internet of things: A survey},
  author={Atzori, Luigi and Iera, Antonio and Morabito, Giacomo},
  journal={Computer networks},
  volume={54},
  number={15},
  pages={2787--2805},
  year={2010},
  publisher={Elsevier}
}

@article{diaz2016state,
  title={State-of-the-art, challenges, and open issues in the integration of internet of things and cloud computing},
  author={D{\'\i}az, Manuel and Mart{\'\i}n, Cristian and Rubio, Bartolom{\'e}},
  journal={Journal of Network and Computer Applications},
  volume={67},
  pages={99--117},
  year={2016},
  publisher={Elsevier}
}

@article{singh1999ontology,
  title={An ontology for commitments in multiagent systems},
  author={Singh, Munindar P},
  journal={Artificial intelligence and law},
  volume={7},
  number={1},
  pages={97--113},
  year={1999},
  publisher={Springer},   
  address={Berlin, Heidelberg}
}

@article{tsvetovat2004modeling,
  title={Modeling complex socio-technical systems using multi-agent simulation methods},
  author={Tsvetovat, Maksim and Carley, Kathleen M},
  journal={KI},
  volume={18},
  number={2},
  pages={23--28},
  year={2004}
}

@article{ashton2009internet,
  title={That ‘internet of things’ thing},
  author={Ashton, Kevin},
  journal={RFiD Journal},
  volume={22},
  number={7},
  pages={97--114},
  year={2009}
}

@article{shin2014socio,
  title={A socio-technical framework for Internet-of-Things design: A human-centered design for the Internet of Things},
  author={Shin, Donghee},
  journal={Telematics and Informatics},
  volume={31},
  number={4},
  pages={519--531},
  year={2014},
  publisher={Elsevier}
}

@incollection{augusto2007ambient,
  title={Ambient intelligence: the confluence of ubiquitous/pervasive computing and artificial intelligence},
  author={Augusto, Juan Carlos},
  booktitle={Intelligent Computing Everywhere},
  pages={213--234},
  year={2007},
  publisher={Springer},   
  address={Berlin, Heidelberg}
}

@inproceedings{da2005agent,
  title={Agent-based management of responsive environments},
  author={da Silva, Fl{\'a}vio Soares Corr{\^e}a and Vasconcelos, Wamberto W},
  booktitle={Congress of the Italian Association for Artificial Intelligence},
  pages={224--236},
  year={2005},
  organization={Springer},
  address={Berlin, Heidelberg}
}

@book{wooldridge2009introduction,
  title={An introduction to multiagent systems},
  author={Wooldridge, Michael},
  year={2009},
  publisher={John Wiley \& Sons}
}

@article{norvig2004inteligencia,
  title={Intelig{\^e}ncia artificial},
  author={Norvig, Peter and Russell, Stuart Jonathan},
  journal={editora Campus},
  year={2004}
}

@article{ducatel2003ambient,
  title={Ambient intelligence: From vision to reality},
  author={Ducatel, Ken and Bogdanowicz, Marc and Scapolo, Fabiana and Leijten, Jos and Burgelman, Jean-Claude},
  journal={IST Advisory Group Draft Report, European Commission},
  year={2003}
}

@incollection{bohn2005social,
  title={Social, economic, and ethical implications of ambient intelligence and ubiquitous computing},
  author={Bohn, J{\"u}rgen and Coroam{\u{a}}, Vlad and Langheinrich, Marc and Mattern, Friedemann and Rohs, Michael},
  booktitle={Ambient intelligence},
  pages={5--29},
  year={2005},
  publisher={Springer},   
  address={Berlin, Heidelberg}
}

@article{weiser1991computer,
  title={The computer for the 21st century},
  author={Weiser, Mark},
  journal={Scientific american},
  volume={265},
  number={3},
  pages={94--104},
  year={1991},
  publisher={Nature Publishing Group}
}

@incollection{bick2008ambient,
  title={Ambient intelligence and ubiquitous computing},
  author={Bick, M and Kummer, T-F},
  booktitle={Handbook on Information Technologies for Education and Training},
  pages={79--100},
  year={2008},
  publisher={Springer},   
  address={Berlin, Heidelberg}
}

@article{dohr2010internet,
  title={The Internet of Things for Ambient Assisted Living.},
  author={Dohr, Angelika and Modre-Osprian, Robert and Drobics, Mario and Hayn, Dieter and Schreier, G{\"u}nter},
  journal={ITNG},
  volume={10},
  pages={804--809},
  year={2010}
}

@article{miorandi2012internet,
  title={Internet of things: Vision, applications and research challenges},
  author={Miorandi, Daniele and Sicari, Sabrina and De Pellegrini, Francesco and Chlamtac, Imrich},
  journal={Ad Hoc Networks},
  volume={10},
  number={7},
  pages={1497--1516},
  year={2012},
  publisher={Elsevier}
}

@inproceedings{barry2009agent,
  title={Agent-directed simulation for systems engineering},
  author={Barry, Philip S and Koehler, Matthew TK and Tivnan, Brian F},
  booktitle={Proceedings of the 2009 spring simulation multiconference},
  pages={15},
  year={2009},
  organization={Society for Computer Simulation International}
}

@article{miranda2015internet,
  title={From the Internet of Things to the Internet of People},
  author={Miranda, Javier and M{\"a}kitalo, Niko and Garcia-Alonso, Jose and Berrocal, Javier and Mikkonen, Tommi and Canal, Carlos and Murillo, Juan M},
  journal={IEEE Internet Computing},
  volume={19},
  number={2},
  pages={40--47},
  year={2015},
  publisher={IEEE}
}

@inproceedings{hubner2002model,
  title={A model for the structural, functional, and deontic specification of organizations in multiagent systems},
  author={H{\"u}bner, Jomi Fred and Sichman, Jaime Simao and Boissier, Olivier},
  booktitle={Brazilian Symposium on Artificial Intelligence},
  pages={118--128},
  year={2002},
  organization={Springer},
  address={Berlin, Heidelberg}
}

@book{simon1996sciences,
  title={The sciences of the artificial},
  author={Simon, Herbert A},
  year={1996},
  publisher={MIT press}
}

@inproceedings{boissier2004organization,
  title={Organization oriented programming},
  author={Boissier, Olivier and Sichman, JS},
  booktitle={Tutorial Notes, 3rd International Joint Conference on Autonomous Agents and Multiagent Systems (AAMAS 2004), New York, USA},
  year={2004}
}

@inproceedings{francoempirical,
  title={An empirical approach for relating environmental patterns with agent team compositions},
  author={Franco, Mariana Ramos and Campos, Gustavo AL and Sichman, Jaime Sim{\~a}o},
  booktitle={PRE-PROCEEDINGS},
  pages={19},
  year={2015}
}

@article{hubner2007developing,
  title={Developing organised multiagent systems using the MOISE+ model: programming issues at the system and agent levels},
  author={Hubner, Jomi F and Sichman, Jaime S and Boissier, Olivier},
  journal={International Journal of Agent-Oriented Software Engineering},
  volume={1},
  number={3-4},
  pages={370--395},
  year={2007},
  publisher={Inderscience Publishers}
}

@article{keating2003system,
  title={System of systems engineering},
  author={Keating, Charles and Rogers, Ralph and Unal, Resit and Dryer, David and Sousa-Poza, Andres and Safford, Robert and Peterson, William and Rabadi, Ghaith},
  journal={Engineering Management Journal},
  volume={15},
  number={3},
  pages={36--45},
  year={2003},
  publisher={Taylor \& Francis}
}

@article{axtell2005three,
  title={Three distinct kinds of empirically-relevant agent-based models},
  author={Axtell, RL},
  journal={Brookings Institution Center on Social and Economic Dynamics Working Paper},
  year={2005}
}

@inproceedings{hartley1997verification,
  title={Verification \& validation in military simulations},
  author={Hartley III, Dean S},
  booktitle={Proceedings of the 29th conference on Winter simulation},
  pages={925--932},
  year={1997},
  organization={IEEE Computer Society}
}

@article{epstein2002non,
  title={Non-explanatory equilibria: An extremely simple game with (mostly) unattainable fixed points},
  author={Epstein, Joshua M and Hammond, Ross A},
  journal={Complexity},
  volume={7},
  number={4},
  pages={18--22},
  year={2002},
  publisher={Wiley Online Library}
}

@inproceedings{tivnan2005coevolutionary,
  title={Coevolutionary dynamics and agent-based models in organization science},
  author={Tivnan, Brian F},
  booktitle={Proceedings of the 37th conference on Winter simulation},
  pages={1013--1021},
  year={2005},
  organization={Winter Simulation Conference}
}

@incollection{axelrod1997advancing,
  title={Advancing the art of simulation in the social sciences},
  author={Axelrod, Robert},
  booktitle={Simulating social phenomena},
  pages={21--40},
  year={1997},
  publisher={Springer},   
  address={Berlin, Heidelberg}
}

@article{d2016simulation,
  title={Simulation of the Internet of Things},
  author={D'Angelo, Gabriele and Ferretti, Stefano and Ghini, Vittorio},
  journal={arXiv preprint arXiv:1605.04876},
  year={2016}
}

@article{selznick1948foundations,
  title={Foundations of the Theory of Organization},
  author={Selznick, Philip},
  journal={American sociological review},
  volume={13},
  number={1},
  pages={25--35},
  year={1948},
  publisher={JSTOR}
}

@inproceedings{grossi2005foundations,
  title={Foundations of organizational structures in multiagent systems},
  author={Grossi, Davide and Dignum, Frank and Dastani, Mehdi and Royakkers, Lamb{\`e}r},
  booktitle={Proceedings of the fourth international joint conference on Autonomous agents and multiagent systems},
  pages={690--697},
  year={2005},
  organization={ACM}
}

@incollection{grossi2007structural,
  title={Structural aspects of the evaluation of agent organizations},
  author={Grossi, Davide and Dignum, Frank and Dignum, Virginia and Dastani, Mehdi and Royakkers, L{\`a}mber},
  booktitle={Coordination, Organizations, Institutions, and Norms in Agent Systems II},
  pages={3--18},
  year={2007},
  publisher={Springer}
}

@article{goel2009structure,
  title={Structure, behavior, and function of complex systems: The structure, behavior, and function modeling language},
  author={Goel, Ashok K and Rugaber, Spencer and Vattam, Swaroop},
  journal={Artificial Intelligence for Engineering Design, Analysis and Manufacturing},
  volume={23},
  number={01},
  pages={23--35},
  year={2009},
  publisher={Cambridge Univ Press}
}

@inproceedings{vasconcelos2002approach,
  title={An approach to rapid prototyping of large multi-agent systems},
  author={Vasconcelos, Wamberto and Sierra, Carles and Esteva, Marc},
  booktitle={Automated Software Engineering, 2002. Proceedings. ASE 2002. 17th IEEE International Conference on},
  pages={13--22},
  year={2002},
  organization={IEEE}
}

@article{miller1988markets,
  title={Markets and computation: Agoric open systems},
  author={Miller, Mark S and Drexler, K Eric},
  journal={The ecology of computation},
  volume={1},
  year={1988}
}

@article{wilensky1999netlogo,
  title={$\{$NetLogo$\}$},
  author={Wilensky, Uri},
  year={1999},
  publisher={Northwestern University}
}

@article{dod2001systems,
  title={Systems engineering fundamentals},
  author={DoD, US},
  journal={DoD, Department of Defense (USA)},
  year={2001}
}

@article{hmelo2008focusing,
  title={Focusing on Function: Thinking below the Surface of Complex Natural Systems.},
  author={Hmelo-Silver, Cindy E and Jordan, Rebecca and Liu, Lei and Gray, Steven and Demeter, Marylee and Rugaber, Spencer and Vattam, Swaroop and Goel, Ashok},
  journal={Science Scope},
  volume={31},
  number={9},
  pages={27--35},
  year={2008},
  publisher={ERIC}
}

@article{wilensky1999thinking,
  title={Thinking in levels: A dynamic systems approach to making sense of the world},
  author={Wilensky, Uri and Resnick, Mitchel},
  journal={Journal of Science Education and technology},
  volume={8},
  number={1},
  pages={3--19},
  year={1999},
  publisher={Springer}
}

@incollection{rodriguez1999towards,
  title={Towards a formal specification of complex social structures in multi-agent systems},
  author={Rodr{\'\i}guez-Aguilar, Juan A and Mart{\'\i}n, Francisco J and Garcia, Pere and Noriega, Pablo and Sierra, Carles},
  booktitle={Collaboration between Human and Artificial Societies},
  pages={284--300},
  year={1999},
  publisher={Springer}
}

@article{fipa2002fipa,
  title={Fipa acl message structure specification},
  author={Fipa, ACL},
  journal={Foundation for Intelligent Physical Agents, http://www. fipa. org/specs/fipa00061/SC00061G. html (30.6. 2004)},
  year={2002}
}

@book{teahan2010artificial,
  title={Artificial Intelligence--Agents and Environments},
  author={Teahan, William John},
  year={2010},
  publisher={BookBoon}
}

@book{sommerville2003engenharia,
  title={Engenharia de software},
  author={Sommerville, Ian and others},
  volume={6},
  year={2003},
  publisher={Addison Wesley S{\~a}o Paulo}
}

@article{davidsson2005distributed,
  title={Distributed monitoring and control of office buildings by embedded agents},
  author={Davidsson, Paul and Boman, Magnus},
  journal={Information Sciences},
  volume={171},
  number={4},
  pages={293--307},
  year={2005},
  publisher={Elsevier}
}

@inproceedings{wernstedt2002agent,
  title={An agent-based approach to monitoring and control of district heating systems},
  author={Wernstedt, Fredrik and Davidsson, Paul},
  booktitle={IEA/AIE},
  pages={801--811},
  year={2002},
  organization={Springer}
}

@inproceedings{mustafa2013simulation,
  title={Simulation Support for Monitored Assisted Living System Development: A Vision for the Future},
  author={Mustafa, Besim},
  booktitle={Next Generation Mobile Apps, Services and Technologies (NGMAST), 2013 Seventh International Conference on},
  pages={244--249},
  year={2013},
  organization={IEEE}
}

@inproceedings{macal2014introductory,
  title={Introductory tutorial: Agent-based modeling and simulation},
  author={Macal, Charles and North, Michael},
  booktitle={Proceedings of the 2014 Winter Simulation Conference},
  pages={6--20},
  year={2014},
  organization={IEEE Press}
}